% LIVROS TCC
@book{Chekroun2015A,
  title = {Approximation of Stochastic Invariant Manifolds: Stochastic Manifolds for Nonlinear SPDEs I},
  ISBN = {9783319124964},
  ISSN = {2191-8201},
  url = {http://dx.doi.org/10.1007/978-3-319-12496-4},
  DOI = {10.1007/978-3-319-12496-4},
  journal = {SpringerBriefs in Mathematics},
  publisher = {Springer International Publishing},
  author = {Chekroun,  Mickaël D. and Liu,  Honghu and Wang,  Shouhong},
  year = {2015}
}

@book{Chekroun2015B,
  title = {Stochastic Parameterizing Manifolds and Non-Markovian Reduced Equations: Stochastic Manifolds for Nonlinear SPDEs II},
  ISBN = {9783319125206},
  ISSN = {2191-8201},
  url = {http://dx.doi.org/10.1007/978-3-319-12520-6},
  DOI = {10.1007/978-3-319-12520-6},
  journal = {SpringerBriefs in Mathematics},
  publisher = {Springer International Publishing},
  author = {Chekroun,  Mickaël D. and Liu,  Honghu and Wang,  Shouhong},
  year = {2015}
}

% Slow manifold 
@book{Pavliotis2008,
  title={Multiscale methods: averaging and homogenization},
  author={Pavliotis, Grigorios A and Stuart, Andrew},
  volume={53},
  year={2008},
  publisher={Springer Science \& Business Media}
}

% Mori-Zwanzig
@book{Chorin2013,
  title = {Stochastic Tools in Mathematics and Science},
  ISBN = {9781461469803},
  ISSN = {2196-9949},
  url = {http://dx.doi.org/10.1007/978-1-4614-6980-3},
  DOI = {10.1007/978-1-4614-6980-3},
  journal = {Texts in Applied Mathematics},
  publisher = {Springer New York},
  author = {Chorin,  Alexandre J. and Hald,  Ole H},
  year = {2013}
}

%----------------------------------------------------------------------

% LIVROS DO CURSO SDE
@book{Chorin2013,
  title = {Stochastic Tools in Mathematics and Science},
  ISBN = {9781461469803},
  ISSN = {2196-9949},
  url = {http://dx.doi.org/10.1007/978-1-4614-6980-3},
  DOI = {10.1007/978-1-4614-6980-3},
  journal = {Texts in Applied Mathematics},
  publisher = {Springer New York},
  author = {Chorin,  Alexandre J. and Hald,  Ole H},
  year = {2013}
}

@book{Evans2014, 
  title     = "An introduction to stochastic differential equations",
  author    = "Evans, Lawrence C",
  publisher = "American Mathematical Society",
  month     =  jan,
  year      =  2014,
  address   = "Providence, RI"
}
