% PRINCIPAL
@article{Chekroun2021,
  title = {Stochastic rectification of fast oscillations on slow manifold closures},
  volume = {118},
  ISSN = {1091-6490},
  url = {http://dx.doi.org/10.1073/pnas.2113650118},
  DOI = {10.1073/pnas.2113650118},
  number = {48},
  journal = {Proceedings of the National Academy of Sciences},
  publisher = {Proceedings of the National Academy of Sciences},
  author = {Chekroun,  Mickaël D. and Liu,  Honghu and McWilliams,  James C.},
  year = {2021},
  month = nov 
}

@article{Chekroun2017,
  title = {The emergence of fast oscillations in a reduced primitive equation model and its implications for closure theories},
  volume = {151},
  ISSN = {0045-7930},
  url = {http://dx.doi.org/10.1016/j.compfluid.2016.07.005},
  DOI = {10.1016/j.compfluid.2016.07.005},
  journal = {Computers &amp; Fluids},
  publisher = {Elsevier BV},
  author = {Chekroun,  Mickaël D. and Liu,  Honghu and McWilliams,  James C.},
  year = {2017},
  month = jun,
  pages = {3–22}
}

% Exemplos de MZ
@article{Gouasmi2017,
  title = {A prioriestimation of memory effects in reduced-order models of nonlinear systems using the Mori–Zwanzig formalism},
  volume = {473},
  ISSN = {1471-2946},
  url = {http://dx.doi.org/10.1098/rspa.2017.0385},
  DOI = {10.1098/rspa.2017.0385},
  number = {2205},
  journal = {Proceedings of the Royal Society A: Mathematical,  Physical and Engineering Sciences},
  publisher = {The Royal Society},
  author = {Gouasmi,  Ayoub and Parish,  Eric J. and Duraisamy,  Karthik},
  year = {2017},
  month = sep,
  pages = {20170385}
}

@article{Chorin2002,
  title = {Optimal prediction with memory},
  journal = {Physica D: Nonlinear Phenomena},
  volume = {166},
  number = {3},
  pages = {239-257},
  year = {2002},
  issn = {0167-2789},
  doi = {https://doi.org/10.1016/S0167-2789(02)00446-3},
  url = {https://www.sciencedirect.com/science/article/pii/S0167278902004463},
  author = {Alexandre J. Chorin and Ole H. Hald and Raz Kupferman}
}

@article{Chorin2000,
  title = {Optimal prediction with memory},
  journal = {Physica D: Nonlinear Phenomena},
  volume = {166},
  number = {3},
  pages = {239-257},
  year = {2002},
  issn = {0167-2789},
  doi = {https://doi.org/10.1016/S0167-2789(02)00446-3},
  url = {https://www.sciencedirect.com/science/article/pii/S0167278902004463},
  author = {Alexandre J. Chorin and Ole H. Hald and Raz Kupferman}
}
