% PRINCIPAL
@article{Chekroun2021,
  author    = {Chekroun, Mickaël D. and Liu, Honghu and McWilliams, James C.},
  title     = {Stochastic rectification of fast oscillations on slow manifold closures},
  journal   = {Proceedings of the National Academy of Sciences},
  publisher = {Proceedings of the National Academy of Sciences},
  volume    = {118},
  number    = {48},
  year      = {2021},
  month     = nov,
  pages     = {},
  doi       = {10.1073/pnas.2113650118},
  url       = {http://dx.doi.org/10.1073/pnas.2113650118},
  issn      = {1091-6490}
}

@article{Chekroun2017,
  author    = {Chekroun, Mickaël D. and Liu, Honghu and McWilliams, James C.},
  title     = {The emergence of fast oscillations in a reduced primitive equation model and its implications for closure theories},
  journal   = {Computers \& Fluids},
  publisher = {Elsevier BV},
  volume    = {151},
  year      = {2017},
  month     = jun,
  pages     = {3--22},
  doi       = {10.1016/j.compfluid.2016.07.005},
  url       = {http://dx.doi.org/10.1016/j.compfluid.2016.07.005},
  issn      = {0045-7930}
}
