@book{Chekroun2015a,
  author       = {Chekroun, Mickaël D. and Liu, Honghu and Wang, Shouhong},
  title        = {Approximation of Stochastic Invariant Manifolds: Stochastic Manifolds for Nonlinear SPDEs I},
  year         = {2015},
  publisher    = {Springer International Publishing},
  series       = {SpringerBriefs in Mathematics},
  isbn         = {9783319124964},
  doi          = {10.1007/978-3-319-12496-4},
  url          = {https://doi.org/10.1007/978-3-319-12496-4}
}

@book{Chekroun2015b,
  author       = {Chekroun, Mickaël D. and Liu, Honghu and Wang, Shouhong},
  title        = {Stochastic Parameterizing Manifolds and Non-Markovian Reduced Equations: Stochastic Manifolds for Nonlinear SPDEs II},
  year         = {2015},
  publisher    = {Springer International Publishing},
  series       = {SpringerBriefs in Mathematics},
  isbn         = {9783319125206},
  doi          = {10.1007/978-3-319-12520-6},
  url          = {https://doi.org/10.1007/978-3-319-12520-6}
}

@book{Chorin2013,
  author       = {Chorin, Alexandre J. and Hald, Ole H.},
  title        = {Stochastic Tools in Mathematics and Science},
  year         = {2013},
  publisher    = {Springer New York},
  series       = {Texts in Applied Mathematics},
  isbn         = {9781461469803},
  doi          = {10.1007/978-1-4614-6980-3},
  url          = {https://doi.org/10.1007/978-1-4614-6980-3}
}

@article{Chekroun2021,
  author       = {Chekroun, Mickaël D. and Liu, Honghu and McWilliams, James C.},
  title        = {Stochastic Rectification of Fast Oscillations on Slow Manifold Closures},
  journal      = {Proceedings of the National Academy of Sciences},
  year         = {2021},
  volume       = {118},
  number       = {48},
  month        = nov,
  doi          = {10.1073/pnas.2113650118},
  url          = {https://doi.org/10.1073/pnas.2113650118},
  issn         = {1091-6490}
}

@article{Chekroun2017,
  author       = {Chekroun, Mickaël D. and Liu, Honghu and McWilliams, James C.},
  title        = {The Emergence of Fast Oscillations in a Reduced Primitive Equation Model and Its Implications for Closure Theories},
  journal      = {Computers \& Fluids},
  year         = {2017},
  volume       = {151},
  pages        = {3--22},
  month        = jun,
  doi          = {10.1016/j.compfluid.2016.07.005},
  url          = {https://doi.org/10.1016/j.compfluid.2016.07.005},
  issn         = {0045-7930}
}
