@misc{uspJanus,
  author        = {{Sistema Janus - USP}},
  title         = {{Ondas em Fluidos Geofísicos}},
  year          = {2025},
  howpublished  = {\url{https://uspdigital.usp.br/janus/componente/disciplinasOferecidasInicial.jsf?action=3&sgldis=MAP5007}},
  note          = {Disponível em: acesso em 08 maio 2025},
  institution   = {Universidade de São Paulo}
}

@misc{TaylorL80,
  author        = {Taylor, Lucas Amaral},
  title         = {{Lorenz80: Estudo do modelo de Lorenz (1980)}},
  year          = {2025},
  howpublished  = {\url{https://github.com/lucasamtaylor01/Lorenz80}},
  note          = {Disponível em: acesso em 08 maio 2025},
  institution   = {Universidade de São Paulo}
}

@article{Lorenz1980,
  author        = {Lorenz, Edward N.},
  title         = {Attractor Sets and Quasi-Geostrophic Equilibrium},
  journal       = {Journal of Atmospheric Sciences},
  year          = {1980},
  publisher     = {American Meteorological Society},
  address       = {Boston MA, USA},
  volume        = {37},
  number        = {8},
  pages         = {1685--1699},
  doi           = {10.1175/1520-0469(1980)037<1685:ASAQGE>2.0.CO;2},
  url           = {https://journals.ametsoc.org/view/journals/atsc/37/8/1520-0469_1980_037_1685_asaqge_2_0_co_2.xml}
}

@article{Chekroun2021,
  author    = {Chekroun, Mickaël D. and Liu, Honghu and McWilliams, James C.},
  title     = {Stochastic rectification of fast oscillations on slow manifold closures},
  journal   = {Proceedings of the National Academy of Sciences},
  volume    = {118},
  number    = {48},
  year      = {2021},
  month     = nov,
  issn      = {1091-6490},
  doi       = {10.1073/pnas.2113650118},
  url       = {http://dx.doi.org/10.1073/pnas.2113650118},
  publisher = {Proceedings of the National Academy of Sciences}
}

@article{Chekroun2017,
  author    = {Chekroun, Mickaël D. and Liu, Honghu and McWilliams, James C.},
  title     = {The emergence of fast oscillations in a reduced primitive equation model and its implications for closure theories},
  journal   = {Computers \& Fluids},
  volume    = {151},
  pages     = {3--22},
  year      = {2017},
  month     = jun,
  issn      = {0045-7930},
  doi       = {10.1016/j.compfluid.2016.07.005},
  url       = {http://dx.doi.org/10.1016/j.compfluid.2016.07.005},
  publisher = {Elsevier BV}
}

@misc{julialang,
  author = {{Julia contributors}},
  title = {The Julia Programming Language},
  year = {2024},
  howpublished = {\url{https://julialang.org/}},
  note = {Disponível em: acesso em 23 maio 2025}
}

