% PRINCIPAL
@article{Chekroun2021,
  title = {Stochastic rectification of fast oscillations on slow manifold closures},
  volume = {118},
  ISSN = {1091-6490},
  url = {http://dx.doi.org/10.1073/pnas.2113650118},
  DOI = {10.1073/pnas.2113650118},
  number = {48},
  journal = {Proceedings of the National Academy of Sciences},
  publisher = {Proceedings of the National Academy of Sciences},
  author = {Chekroun,  Mickaël D. and Liu,  Honghu and McWilliams,  James C.},
  year = {2021},
  month = nov 
}

@article{Chekroun2017,
  title = {The emergence of fast oscillations in a reduced primitive equation model and its implications for closure theories},
  volume = {151},
  ISSN = {0045-7930},
  url = {http://dx.doi.org/10.1016/j.compfluid.2016.07.005},
  DOI = {10.1016/j.compfluid.2016.07.005},
  journal = {Computers &amp; Fluids},
  publisher = {Elsevier BV},
  author = {Chekroun,  Mickaël D. and Liu,  Honghu and McWilliams,  James C.},
  year = {2017},
  month = jun,
  pages = {3–22}
}
